%% This BibTeX bibliography file was created using BibDesk.
%% http://bibdesk.sourceforge.net/

%% Created for Caitlin Malone at 2015-06-04 14:17:22 -0700 


%% Saved with string encoding Unicode (UTF-8) 



@article{glashow,
	Author = {Sheldon Glashow},
	Date-Added = {2015-05-24 05:13:46 +0000},
	Date-Modified = {2015-05-24 05:14:43 +0000},
	Journal = {Nuclear Physics},
	Pages = {579-588},
	Title = {Partial Symmetries of Weak Interactions},
	Volume = {22},
	Year = {1961}}

@article{broken_symmetries,
	Author = {{J. Goldstone, S. Weinberg and A. Salam}},
	Date-Added = {2015-05-24 05:08:49 +0000},
	Date-Modified = {2015-06-01 21:41:59 +0000},
	Journal = {Physical Review},
	Pages = {965},
	Title = {Broken Symmetries},
	Volume = {127},
	Year = {1962}}

@article{charged_higgs_search,
	Author = {{The ATLAS Collaboration}},
	Date-Added = {2015-05-19 23:33:49 +0000},
	Date-Modified = {2015-06-02 00:42:44 +0000},
	Journal = {JHEP},
	Pages = {088},
	Title = {Search for charged Higgs bosons decaying via H to tau v in fully hadronic final states using pp collision data at sqrt(s) = 8 TeV with the ATLAS detector},
	Volume = {1503},
	Year = {2015}}

@article{ellis,
	Author = {J. Ellis},
	Date-Added = {2015-05-14 04:52:48 +0000},
	Date-Modified = {2015-05-14 04:53:28 +0000},
	Journal = {arXiv: hep-ph/1312.5672},
	Title = {Higgs Physics},
	Year = {2013}}

@article{feynhiggs_5,
	Author = {{S. Heinemeyer, W. Hollik, G. Weiglein}},
	Date-Added = {2015-05-14 04:31:06 +0000},
	Date-Modified = {2015-06-01 20:45:51 +0000},
	Journal = {Comput.Phys.Commun.},
	Pages = {76-89},
	Title = {FeynHiggs: a program for the calculation of the masses of the neutral CP-even Higgs bosons in the MSSM},
	Volume = {124},
	Year = {2000}}

@article{feynhiggs_4,
	Author = {{S. Heinemeyer, W. Hollik, G. Weiglein}},
	Date-Added = {2015-05-14 04:30:14 +0000},
	Date-Modified = {2015-06-01 20:37:58 +0000},
	Journal = {European Physical Journal C},
	Pages = {343-366},
	Title = {The Masses of the Neutral CP-even Higgs Bosons in the MSSM: Accurate Analysis at the Two-Loop Level},
	Volume = {9},
	Year = {1998}}

@article{feynhiggs_3,
	Author = {{G. Degrassi, S. Heinemeyer, W. Hollik, P. Slavich, G. Weiglein}},
	Date-Added = {2015-05-14 04:29:26 +0000},
	Date-Modified = {2015-06-01 20:36:34 +0000},
	Journal = {European Physical Journal C},
	Pages = {133-143},
	Title = {Towards High-Precision Predictions for the MSSM Higgs Sector},
	Volume = {28},
	Year = {2003}}

@article{feynhiggs_2,
	Author = {{The Higgs Boson Masses and Mixings of the Complex MSSM in the Feynman-Diagrammatic Approach}},
	Date-Added = {2015-05-14 04:28:34 +0000},
	Date-Modified = {2015-06-01 20:21:36 +0000},
	Journal = {JHEP},
	Number = {02},
	Pages = {47},
	Title = {{M. Frank, T. Hahn, S. Heinemeyer, W. Hollik, H. Rzehak, G. Weiglein}},
	Volume = {2007},
	Year = {2007}}

@article{feynhiggs_1,
	Author = {{T. Hahn, S. Heinemeye, W. Hollik, H. Rhezak, G. Weiglein}},
	Date-Added = {2015-05-14 04:26:22 +0000},
	Date-Modified = {2015-06-01 20:22:55 +0000},
	Journal = {Phys.Rev.Lett.},
	Number = {114},
	Pages = {141801},
	Title = {High-precision predictions for the light CP-even Higgs Boson Mass of the MSSM},
	Volume = {112},
	Year = {2014}}

@article{btautau,
	Author = {{The ATLAS Collaboration}},
	Date-Added = {2015-03-25 20:02:57 +0000},
	Date-Modified = {2015-03-25 20:03:54 +0000},
	Journal = {ATLAS-CONF-2012-094},
	Title = {Search for neutral MSSM Higgs bosons in sqrt{s}=7 TeV pp collisions with the ATLAS detector},
	Year = {2012}}

@article{CMSbH,
	Author = {{The CMS Collaboration}},
	Date-Added = {2015-03-25 04:33:28 +0000},
	Date-Modified = {2015-06-02 00:46:00 +0000},
	Journal = {Phys.Lett.B},
	Pages = {207-232},
	Title = {Search for a Higgs boson decaying into a b-quark pair and produced in association with b quarks in proton-proton collisions at 7 TeV},
	Volume = {722},
	Year = {2013}}

@article{jer,
	Author = {{The ATLAS Collaboration}},
	Date-Added = {2015-03-16 05:28:05 +0000},
	Date-Modified = {2015-03-26 04:42:17 +0000},
	Journal = {ATLAS-CONF-2010-054},
	Title = {Jet Energy Resolution and Selection Efficiency Relative to Track Jets from In-situ Techniques with the ATLAS Detector Using Proton-Proton Collisions at a Center of Mass Energy sqrt(s) = 7 TeV},
	Year = {2010}}

@article{Gori,
	Author = {{M. Carena et. al}},
	Date-Added = {2015-03-14 23:42:30 +0000},
	Date-Modified = {2015-06-02 00:39:55 +0000},
	Journal = {JHEP},
	Pages = {091},
	Title = {{LHC Discovery Potential for Non-Standard Higgs Bosons in the 3b Channel}},
	Volume = {1207},
	Year = {2012}}

@article{CLS3,
	Author = {{The ATLAS Collaboration}},
	Date-Added = {2015-03-14 05:14:06 +0000},
	Date-Modified = {2015-06-03 00:27:13 +0000},
	Journal = {arXiv:0901.0512 [hep-ex]},
	Title = {Expected Performance of the ATLAS Experiment--Detector, Trigger and Physics},
	Year = {2009}}

@article{CLS2,
	Author = {{G. Cowan, K. Cranmer, E. Gross and O. Vitells}},
	Date-Added = {2015-03-14 05:12:58 +0000},
	Date-Modified = {2015-06-03 00:24:43 +0000},
	Journal = {European Physical Journal C},
	Pages = {1554},
	Title = {Asymptotic formulae for likelihood-based tests of new physics},
	Volume = {71},
	Year = {2011}}

@article{CLS1,
	Author = {Read, Alexander L.},
	Date-Added = {2015-03-14 05:11:44 +0000},
	Date-Modified = {2015-06-03 00:19:05 +0000},
	Journal = {J. Phys. G: Nucl. Part. Phys.},
	Pages = {2693-2704},
	Title = {Presentation of search results: The CL(s) technique},
	Volume = {28},
	Year = {2002}}

@article{VHBTagging,
	Author = {{G. Aad et. al.}},
	Date-Added = {2015-03-05 17:37:08 +0000},
	Date-Modified = {2015-06-03 00:31:04 +0000},
	Journal = {ATL-COM-PHYS-2013-697},
	Title = {$b$-tagging for $VH$, with $H\rightarrow bb$},
	Year = {2013 [ATLAS internal]}}

@article{ip3d,
	Author = {Marc Lehmacher},
	Date-Added = {2015-02-18 22:11:02 +0000},
	Date-Modified = {2015-02-18 22:11:46 +0000},
	Journal = {ATL-PHYS-PROC-2008-052},
	Title = {b-Tagging Algorithms and their Performance at ATLAS},
	Year = {2008}}

@article{jet_fitter,
	Author = {G. Piacquadio and C. Weiser},
	Date-Added = {2015-02-18 22:08:57 +0000},
	Date-Modified = {2015-06-03 00:12:25 +0000},
	Journal = {Journal of Physics: Conference Series},
	Pages = {032032},
	Title = {A new inclusive secondary vertex algorithm for b-jet tagging in ATLAS},
	Volume = {119},
	Year = {2008}}

@article{newt,
	Author = {T. Cornelissen and M. Elsing and I. Gavrilenko and W. Liebig and E. Moyse and A. Salzburger},
	Date-Added = {2015-02-18 19:34:26 +0000},
	Date-Modified = {2015-06-02 00:54:08 +0000},
	Journal = {Journal of Physics: Conference Series},
	Pages = {032014},
	Title = {The new ATLAS track reconstruction (NEWT)},
	Volume = {119},
	Year = {2008}}

@article{spurious_signal,
	Author = {{The ATLAS Collaboration}},
	Date-Added = {2015-02-14 00:22:09 +0000},
	Date-Modified = {2015-02-14 00:23:08 +0000},
	Journal = {ATL-COM-PHYS-2014-025},
	Title = {Coupling Measurement with the $H\rightarrow\gamma\gamma$ channel Supporting Documentation},
	Year = {2014}}

@article{jes,
	Author = {{The ATLAS Collaboration}},
	Date-Added = {2015-02-13 21:31:51 +0000},
	Date-Modified = {2015-06-03 00:28:55 +0000},
	Journal = {European Physical Journal C},
	Number = {3},
	Pages = {2304},
	Title = {Jet energy measurement with the ATLAS detector in proton-proton collisions at sqrt(s) = 7 TeV},
	Volume = {73},
	Year = {2013}}

@article{online_btag_2,
	Author = {{Viviana Cavaliere, on behalf of the ATLAS Collaboration}},
	Date-Added = {2015-02-11 02:08:21 +0000},
	Date-Modified = {2015-06-03 00:10:42 +0000},
	Journal = {Journal of Physics: Conference Series},
	Pages = {022008},
	Title = {b-jet Triggering in ATLAS},
	Volume = {396},
	Year = {2012}}

@article{online_btag,
	Author = {{The ATLAS Collaboration}},
	Date-Added = {2015-02-11 01:44:23 +0000},
	Date-Modified = {2015-02-13 19:05:24 +0000},
	Journal = {ATL-COM-DAQ-2013-018},
	Title = {b-jet Tagger Data to Simulation Comparison Using 8 TeV Data},
	Year = {2013}}

@article{atlas_trigger,
	Author = {{Cristobal Padilla on behalf of the ATLAS Collaboration}},
	Date-Added = {2015-02-10 23:27:38 +0000},
	Date-Modified = {2015-06-01 20:28:29 +0000},
	Journal = {IEEE Transactions on Nuclear Science},
	Month = {April},
	Number = {2},
	Pages = {650-657},
	Title = {The ATLAS Trigger System},
	Volume = {57},
	Year = {2010}}

@article{cal_tdr,
	Author = {{The ATLAS Collaboration}},
	Date-Added = {2015-01-29 16:55:24 +0000},
	Date-Modified = {2015-02-13 19:05:05 +0000},
	Journal = {CERN-LHCC-96-40},
	Title = {ATLAS Calorimeter Performance Technical Design Report},
	Year = {1996}}

@article{trt,
	Author = {{The ATLAS Collaboration}},
	Date-Added = {2015-01-27 06:23:45 +0000},
	Date-Modified = {2015-02-13 19:03:35 +0000},
	Journal = {ATLAS-CONF-2011-012},
	Title = {{Alignment of the ATLAS Inner Detector Tracking System with 2010 LHC proton-proton collisions at $\sqrt{s}$ = 7 TeV}},
	Year = {2011}}

@article{tdr,
	Author = {{The ATLAS Collaboration}},
	Date-Added = {2015-01-27 06:15:34 +0000},
	Date-Modified = {2015-06-02 00:48:06 +0000},
	Journal = {JINST},
	Pages = {S08003},
	Title = {The ATLAS Experiment at the CERN Large Hadron Collider},
	Volume = {3},
	Year = {2008}}

@phdthesis{sct_res,
	Author = {Bilge Melahat Demirkoz},
	Date-Added = {2015-01-27 06:13:21 +0000},
	Date-Modified = {2015-01-27 06:14:32 +0000},
	School = {Oxford University},
	Title = {Construction and Performance of the ATLAS SCT Barrels and Cosmic Tests},
	Year = {2007}}

@article{pixel_res,
	Author = {T. Lari},
	Date-Added = {2015-01-27 06:06:26 +0000},
	Date-Modified = {2015-01-27 06:13:20 +0000},
	Journal = {Nucl. Instrum. Meth. A},
	Pages = {112-114},
	Title = {Measurements of Spatial Resolution of ATLAS Pixel Detectors},
	Volume = {465},
	Year = {2000}}

@article{martin,
	Author = {Stephen P. Martin},
	Date-Added = {2015-01-18 19:55:22 +0000},
	Date-Modified = {2015-06-01 20:27:24 +0000},
	Journal = {Adv.Ser.Direct.High Energy Phys.},
	Pages = {1-153},
	Title = {A Supersymmetry Primer},
	Volume = {21},
	Year = {2010}}

@article{ttbar_allhad,
	Author = {{The ATLAS Collaboration}},
	Date-Added = {2015-01-15 23:48:13 +0000},
	Date-Modified = {2015-02-13 19:07:35 +0000},
	Journal = {ATLAS-CONF-2012-031},
	Title = {Measurement of ttbar production in the all-hadronic channel in 4.7 ifb of pp collisions at sqrt(s)=7 TeV with the ATLAS detector},
	Year = {2012}}

@article{b-tagging,
	Author = {{The ATLAS Collaboration}},
	Date-Added = {2015-01-06 16:08:08 -0800},
	Date-Modified = {2015-02-13 05:02:35 +0000},
	Journal = {ATLAS-CONF-2014-046},
	Title = {Calibration of the performance of b-tagging for c and light-flavour jets in the 2012 ATLAS data},
	Year = {2014}}

@article{sv,
	Author = {{The ATLAS Collaboration}},
	Date-Added = {2015-01-06 15:54:06 -0800},
	Date-Modified = {2015-06-01 21:26:24 +0000},
	Journal = {JHEP},
	Pages = {056},
	Title = {Performance of the ATLAS Detector using First Collision Data},
	Volume = {1009},
	Year = {2010}}

@article{pileup_tracks,
	Author = {{The ATLAS Collaboration}},
	Date-Added = {2015-01-05 14:49:15 -0800},
	Date-Modified = {2015-02-13 19:08:04 +0000},
	Journal = {ATLAS-CONF-2012-042},
	Title = {Performance of the ATLAS Inner Detector Track and Vertex Reconstruction in the High Pile-Up LHC Environment},
	Year = {2012}}

@article{pileup,
	Author = {{The ATLAS Collaboration}},
	Date-Added = {2015-01-05 13:57:24 -0800},
	Date-Modified = {2015-02-13 19:08:13 +0000},
	Journal = {ATLAS-CONF-2012-064},
	Title = {Pile-up corrections for jets from proton-proton collisions at s=sqrt(7) TeV in ATLAS in 2011},
	Year = {2012}}

@article{antikt,
	Author = {M. Cacciari and G. Salam and G. Soyez},
	Date-Added = {2015-01-05 13:45:44 -0800},
	Date-Modified = {2015-06-01 21:24:15 +0000},
	Journal = {JHEP},
	Pages = {063},
	Title = {The anti-$k_t$ Jet Clustering Algorithm},
	Volume = {0804},
	Year = {2008}}

@article{bs_to_mumu,
	Author = {{LHCb Collaboration}},
	Date-Added = {2014-12-12 09:39:48 -0800},
	Date-Modified = {2015-06-02 00:41:28 +0000},
	Journal = {Phys.Rev.Lett.},
	Pages = {101805},
	Title = {Measurement of the $B_s^0\rightarrow\mu^+\mu^-$ branching fraction and search for $B^0\rightarrow\mu^+\mu-$ decays at the LHCb experiment},
	Volume = {111},
	Year = {2013}}

@article{bbh_4fs_2,
	Author = {S. Dawson and C. B. Jackson and L. Reina and D. Wackeroth},
	Date-Added = {2014-12-08 16:38:27 -0800},
	Date-Modified = {2015-06-04 21:11:31 +0000},
	Journal = {Phys.Rev.D},
	Pages = {074027},
	Title = {Exclusive Higgs boson production with bottom quarks at hadron colliders},
	Volume = {69},
	Year = {2004}}

@article{bbh_4fs_1,
	Author = {S. Dittmaier and M. Kramer and M. Spira},
	Date-Added = {2014-12-08 16:37:26 -0800},
	Date-Modified = {2015-06-04 21:10:42 +0000},
	Journal = {Phys.Rev.D},
	Pages = {074010},
	Title = {Higgs radiation off bottom quarks at the Fermilab Tevatron and the CERN LHC},
	Volume = {70},
	Year = {2004}}

@article{bbhnnlo,
	Author = {R. V. Harlander and W. B. Kilgore},
	Date-Added = {2014-12-08 16:32:28 -0800},
	Date-Modified = {2015-06-04 21:09:52 +0000},
	Journal = {Phys.Rev.D},
	Pages = {013001},
	Title = {Higgs boson production in bottom quark fusion at next-to-next-to-leading order},
	Volume = {68},
	Year = {2003}}

@article{gghnnlo,
	Author = {R. V. Harlander and W. B. Kilgore},
	Date-Added = {2014-12-08 16:28:55 -0800},
	Date-Modified = {2015-06-04 21:05:18 +0000},
	Journal = {Phys.Rev.Lett.},
	Pages = {201801},
	Title = {Next-to-next-to-leading order Higgs production at hadron colliders},
	Volume = {88},
	Year = {2002}}

@article{higlu,
	Author = {M. Spira},
	Date-Added = {2014-12-08 16:24:34 -0800},
	Date-Modified = {2015-06-04 21:04:15 +0000},
	Journal = {arXiv: hep-ph/9510347},
	Title = {HIGLU: A Program for the Calculation of the Total Higgs Production Cross Section at Hadron Colliders via Gluon Fusion including QCD Corrections},
	Urldate = {http://arxiv.org/abs/hep-ph/9510347},
	Year = {1995}}

@article{santander,
	Author = {R. Harlander and M. Kr{\"a}mer and M. Schumacher},
	Date-Added = {2014-12-08 16:04:50 -0800},
	Date-Modified = {2015-06-03 00:36:15 +0000},
	Howpublished = {CERN-PH-TH/2011-134},
	Journal = {arXiv: 1112:3478},
	Title = {Bottom-quark associated Higgs-boson production: reconciling the four- and five-flavour scheme approach},
	Year = {2011}}

@webpage{mssm_xsec_wg,
	Author = {{MSSM Cross Section Working Group}},
	Date-Added = {2014-12-08 15:50:14 -0800},
	Date-Modified = {2015-06-04 21:02:43 +0000},
	Lastchecked = {8 Dec. 2014},
	Url = {https://twiki.cern.ch/twiki/bin/view/LHCPhysics/LHCHXSWGMSSMNeutral},
	Bdsk-Url-1 = {https://twiki.cern.ch/twiki/bin/view/LHCPhysics/LHCHXSWGMSSMNeutral}}

@article{Kazakov,
	Author = {D. I. Kazakov},
	Date-Added = {2014-11-20 09:03:52 -0800},
	Date-Modified = {2015-06-01 20:25:33 +0000},
	Journal = {hep-ph/0012288 v2},
	Title = {Beyond the Standard Model (In Search of Supersymmetry)},
	Urldate = {hep-ph/0012288 v2},
	Year = {2000}}

@phdthesis{Tim,
	Author = {Tim Scanlon},
	Date-Added = {2014-11-19 17:33:52 -0800},
	Date-Modified = {2014-11-19 17:35:00 -0800},
	School = {Imperial College London},
	Title = {b-Tagging and the Search for Neutral Supersymmetric Higgs Bosons at D0},
	Year = {2006}}

@article{D0bH,
	Author = {{D0 Collaboration}},
	Date-Added = {2014-11-19 17:30:53 -0800},
	Date-Modified = {2015-02-13 19:09:52 +0000},
	Journal = {Phys.Lett.B},
	Pages = {97-104},
	Title = {Search for neutral Higgs bosons in the multi-b-jet topology in 5.2 ifb of ppbar collisions at sqrt(s)=1.96 TeV},
	Volume = {698},
	Year = {2011}}

@article{CDFbH,
	Author = {{CDF Collaboration}},
	Date-Added = {2014-11-19 17:23:04 -0800},
	Date-Modified = {2015-06-02 00:43:47 +0000},
	Journal = {Phys.Rev.D},
	Pages = {032005},
	Title = {Search for Higgs Bosons Produced in Association with b-Quarks},
	Volume = {85},
	Year = {2012}}

@phdthesis{Andy,
	Author = {Andrew C. Haas},
	Date-Added = {2014-11-19 17:19:21 -0800},
	Date-Modified = {2014-11-19 17:22:51 -0800},
	School = {University of Washington},
	Title = {A Search for Neutral Higgs Bosons at High Tan(Beta) in Multi-Jet Events from ppbar Collisions at sqrt(s)=1960 GeV},
	Year = {2004}}

@article{Carena-2,
	Annote = {https://inspirehep.net/record/1221756?ln=en},
	Author = {{M. Carena et. al.}},
	Date-Added = {2014-11-18 14:03:59 -0800},
	Date-Modified = {2015-06-01 21:19:27 +0000},
	Journal = {European Physical Journal C},
	Pages = {2552},
	Title = {MSSM Higgs Boson Searches at the LHC: Benchmark Scenarios after the Discovery of a Higgs-like Particle},
	Volume = {73},
	Year = {2013}}

@electronic{Carena-1,
	Author = {M. Carena et. al.},
	Date-Added = {2014-11-18 13:46:14 -0800},
	Date-Modified = {2014-11-18 13:48:09 -0800},
	Title = {Complementarity Between Non-Standard Higgs Searches and Precision Higgs Measurements in the MSSM},
	Urldate = {http://arxiv.org/abs/1410.4969}}

@article{Guralnik_Hagen_Kibble,
	Author = {G.S. Guralnik and C.R. Hagen and T.W. Kibble},
	Date-Added = {2014-11-18 11:03:59 -0800},
	Date-Modified = {2015-06-01 21:40:52 +0000},
	Journal = {Phys.Rev.Lett.},
	Pages = {585},
	Title = {Global Conservation Laws and Massless Particles},
	Volume = {13},
	Year = {1964}}

@article{PDG-Review,
	Author = {{Particle Data Group}},
	Date-Added = {2014-11-18 10:24:09 -0800},
	Date-Modified = {2015-02-13 19:09:27 +0000},
	Journal = {Chinese Physics C},
	Number = {9},
	Pages = {161-214},
	Title = {Review of Particle Physics},
	Volume = {38},
	Year = {2014}}

@article{Higgs-2,
	Author = {P. W. Higgs},
	Date-Added = {2014-11-17 17:42:25 -0800},
	Date-Modified = {2014-11-17 17:43:06 -0800},
	Journal = {Phys.Rev.Lett.},
	Title = {Broken Symmetries and the Masses of Gauge Bosons},
	Volume = {13},
	Year = {1964}}

@article{Higgs-1,
	Author = {P. W. Higgs},
	Date-Added = {2014-11-17 17:41:31 -0800},
	Date-Modified = {2015-06-01 21:29:39 +0000},
	Journal = {Phys.Lett.},
	Pages = {132-133},
	Title = {Broken Symmetries, Massless Particles and Gauge Fields},
	Volume = {12},
	Year = {1964}}

@article{Englert_Brout,
	Author = {F. Englert and R. Brout},
	Date-Added = {2014-11-17 17:36:35 -0800},
	Date-Modified = {2015-06-01 21:40:05 +0000},
	Journal = {Phys.Rev.Lett.},
	Pages = {321},
	Title = {Broken Symmetry and the Mass of Gauge Vector Mesons},
	Volume = {13},
	Year = {1964}}

@article{Kibble,
	Author = {T. W. Kibble},
	Date-Added = {2014-11-17 17:35:00 -0800},
	Date-Modified = {2014-11-17 17:35:48 -0800},
	Journal = {Phys.Rev.},
	Title = {Symmetry Breaking in Non-Abelian Gauge Theories},
	Volume = {155},
	Year = {1967}}

@article{Weinberg,
	Author = {Steven Weinberg},
	Date-Added = {2014-11-17 17:25:30 -0800},
	Date-Modified = {2014-11-17 17:34:59 -0800},
	Journal = {Phys.Rev.Lett.},
	Pages = {1264-1266},
	Title = {A Model of Leptons},
	Volume = {19},
	Year = {1967}}

@article{Sherpa,
	Author = {{T. Gleisberg et. al.}},
	Date-Added = {2014-11-17 15:31:49 -0800},
	Date-Modified = {2015-06-03 00:17:46 +0000},
	Journal = {JHEP},
	Pages = {007},
	Title = {Event Generation with Sherpa 1.1},
	Volume = {0902},
	Year = {2009}}

@article{Pythia8,
	Author = {Torbj{\"o}rn Sj{\"o}strand and Stephen Mrenna and Peter Skands},
	Date-Added = {2014-11-17 15:17:14 -0800},
	Date-Modified = {2015-02-13 19:02:47 +0000},
	Journal = {Comput.Phys.Commun.},
	Pages = {852-867},
	Title = {A Brief Introduction to PYTHIA 8.1},
	Volume = {178},
	Year = {2008}}

@article{Geant4-2,
	Author = {{Allison, J. et. al.}},
	Date-Added = {2014-11-17 15:03:37 -0800},
	Date-Modified = {2015-06-04 21:17:02 +0000},
	Journal = {IEEE Transactions on Nuclear Science},
	Month = {February},
	Number = {1},
	Pages = {270-278},
	Title = {Geant4 Developments and Applications},
	Volume = {53},
	Year = {2006}}

@article{Geant4-1,
	Author = {{S. Agostinelli et. al.}},
	Date-Added = {2014-11-17 15:02:06 -0800},
	Date-Modified = {2015-05-24 05:21:51 +0000},
	Journal = {Nuclear Instruments and Methods in Physics Research},
	Month = {July},
	Number = {3},
	Pages = {250-303},
	Title = {Geant4--A Simulation Toolkit},
	Volume = {506},
	Year = {2003}}

@article{ATF2,
	Author = {Lukas, W.},
	Date-Added = {2014-11-17 14:59:38 -0800},
	Date-Modified = {2015-06-03 00:17:05 +0000},
	Journal = {Journal of Physics: Conference Series},
	Pages = {022031},
	Read = {0},
	Title = {Fast Simulation for ATLAS: Atlfast-II and ISF},
	Volume = {396},
	Year = {2012},
	Bdsk-Url-1 = {http://cds.cern.ch/record/1458503?ln=en}}

@article{MadGraph,
	Author = {{J. Alwall, et.al.}},
	Date-Added = {2014-11-17 12:07:00 -0800},
	Date-Modified = {2015-06-03 00:14:32 +0000},
	Journal = {JHEP},
	Pages = {079},
	Title = {The automated computation of tree-level and next-to-leading order differential cross sections, and their matching to parton shower simulations},
	Volume = {1407},
	Year = {2014}}

@article{Pythia6,
	Author = {T. Sjostrand and S. Mrenna and P. Z. Skands},
	Date-Added = {2014-11-17 11:32:58 -0800},
	Date-Modified = {2015-06-03 00:15:24 +0000},
	Journal = {JHEP},
	Pages = {026},
	Title = {PYTHIA 6.4 Physics and Manual},
	Urldate = {http://arxiv.org/abs/hep-ph/0603175},
	Volume = {0605},
	Year = {2006}}
